@inproceedings{ros2009,
author = {Quigley, Morgan and Conley, Ken and P Gerkey, Brian and Faust, Josh and Foote, Tully and Leibs, Jeremy and Wheeler, Rob and Y Ng, Andrew},
year = {2009},
month = {01},
pages = {},
title = {ROS: an open-source Robot Operating System},
volume = {3},
journal = {ICRA Workshop on Open Source Software}
}
@article{ogm2005,
author = {Wolf, Denis and S. Sukhatme, Gaurav},
year = {2005},
month = {07},
pages = {53-65},
title = {Mobile Robot Simultaneous Localization and Mapping in Dynamic Environments},
volume = {19},
journal = {Auton. Robots},
doi = {10.1007/s10514-005-0606-4}
}