@article{li2019houseexpo,
  title={HouseExpo: A Large-scale 2D Indoor Layout Dataset for Learning-based Algorithms on Mobile Robots},
  author={Tingguang, Li and Danny, Ho and Chenming, Li and Delong, Zhu and Chaoqun, Wang and Max Q.-H. Meng},
  journal={arXiv preprint arXiv:1903.09845},
  year={2019}
}
@misc{dijkstar,
  author = {Wyatt Baldwin},
  title = {Dijkstar},
  year = {2018},
  publisher = {GitHub},
  journal = {GitHub repository},
  howpublished = {\url{https://github.com/wylee/Dijkstar}},
  commit = {f2897c14c9376831743665aab086f07e8c3063c7}
}
@misc{tspHC,
  author = {John Montgomery},
  title = {Tackling the travelling salesman problem: hill-climbing},
  year = {2007},
  howpublished = {\url{http://www.psychicorigami.com/2007/05/12/tackling-the-travelling-salesman-problem-hill-climbing/}}
}