@thesis{sikoudi,
title = {Πλοήγηση ρομποτικού οχήματος με χρήση δυναμικών πεδίων και νευρωνικών δικτύων σε ένα γνωστό περιβάλλον και ανάπτυξη μεθόδων αποδοτικής πλοήγησης},
author = {Συκούδη Αμανατίδου Πελαγία},
year = {2013},
university = {Αριστοτέλειο Πανεπηστήμιο Θεσσαλονίκης},
city = {Θεσσαλονίκη},
country = {Ελλάδα}
}
@misc{navStack,
  author = {Fiorella Sibona},
  title = {Sending Goals to the Navigation Stack - Python ROS node version},
  year = {2018},
  howpublished = {\url{https://hotblackrobotics.github.io/en/blog/2018/01/29/action-client-py/}}
}
@INPROCEEDINGS{rfidNikitin,
author={P. V. {Nikitin} and R. {Martinez} and S. {Ramamurthy} and H. {Leland} and G. {Spiess} and K. V. S. {Rao}},
booktitle={2010 IEEE International Conference on RFID (IEEE RFID 2010)},
title={Phase based spatial identification of UHF RFID tags},
year={2010},
volume={},
number={},
pages={102-109},
keywords={radiofrequency identification;phase based spatial identification;UHF RFID tags;RF phase information;phase difference of arrival;time domain;multi-ray channel model;RFID warehouse portal environment;Radiofrequency identification;RFID tags;Backscatter;Wireless sensor networks;Phase modulation;Portals;Bandwidth;USA Councils;Radio frequency;Frequency domain analysis},
doi={10.1109/RFID.2010.5467253},
ISSN={2374-0221},
month={April},}
@INPROCEEDINGS{rfidHekimian,
author={C. {Hekimian-Williams} and B. {Grant} and {Xiuwen Liu} and {Zhenghao Zhang} and P. {Kumar}},
booktitle={2010 IEEE International Conference on RFID (IEEE RFID 2010)},
title={Accurate localization of RFID tags using phase difference},
year={2010},
volume={},
number={},
pages={89-96},
keywords={radiofrequency identification;software radio;RFID tags localization;phase difference;radio frequency identification tags;context-aware computing;software-defined radio setup;received signal strength;activity recognition;RFID tags;Radiofrequency identification;Context-aware services;Tagging;Energy efficiency;Receiving antennas;Robustness;Antenna measurements;Current measurement;Phase measurement;RFID localization;phase difference;maximum likelihood estimation;software-defined radio},
doi={10.1109/RFID.2010.5467268},
ISSN={2374-0221},
month={April},}

