@article{tesoriero2009,
author = {Tesoriero, Ricardo and Gallud, Jose A. and Lozano, María and Penichet, Victor},
year = {2009},
month = {06},
pages = {650 - 655},
title = {Tracking Autonomous Entities using RFID Technology},
volume = {55},
journal = {Consumer Electronics, IEEE Transactions on},
doi = {10.1109/TCE.2009.5174435}
}
@inproceedings{bormann2016,
author = {Bormann, Richard and Jordan, Florian and Li, Wenzhe and Hampp, Joshua and Hagele, Martin},
year = {2016},
month = {05},
pages = {1019-1026},
title = {Room segmentation: Survey, implementation, and analysis},
doi = {10.1109/ICRA.2016.7487234}
}
@thesis{brown2016,
title = {Coverage Path Planning and Room Segmentation in Indoor Environments using the Constriction Decomposition Method},
author = {Stanley Brown},
year = {2016},
university = {University of Waterloo},
city = {Ontario},
country = {Canada}
}
@inproceedings{kaleci2015,
author={B. {Kaleci} and Ç. M. {Şenler} and H. {Dutağacı} and O. {Parlaktuna}},
booktitle={2015 International Conference on Advanced Robotics (ICAR)},
title={A probabilistic approach for semantic classification using laser range data in indoor environments},
year={2015},
volume={},
number={},
pages={375-381},
keywords={indoor navigation;indoor radio;laser ranging;learning (artificial intelligence);Markov processes;mobile radio;mobile robots;probability;radionavigation;vector quantisation;probabilistic approach;semantic classification;laser range data;indoor environments;robot locations;learning vector quantization;LVQ methods;robot positions;circular shifting;robot pose;LVQ algorithms;data clusters;K-means method;cluster centers;Markov model;Semantics;Robot kinematics;Markov processes;Feature extraction;Indexes;Indoor environments;semantic classification;laser range data;door detection},
doi={10.1109/ICAR.2015.7251483},
ISSN={},
month={July},}
@article{mozos2008,
author = {Mozos, Oscar},
year = {2008},
month = {01},
pages = {},
title = {Semantic Labeling of Places with Mobile Robots},
volume = {61},
doi = {10.1007/978-3-642-11210-2_1}
}
@INPROCEEDINGS{filliat2012,
author={D. {Filliat} and E. {Battesti} and S. {Bazeille} and G. {Duceux} and A. {Gepperth} and L. {Harrath} and I. {Jebari} and R. {Pereira} and A. {Tapus} and C. {Meyer} and S. {Ieng} and R. {Benosman} and E. {Cizeron} and J. {Mamanna} and B. {Pothier}},
booktitle={2012 IEEE International Conference on Technologies for Practical Robot Applications (TePRA)},
title={RGBD object recognition and visual texture classification for indoor semantic mapping},
year={2012},
volume={},
number={},
pages={127-132},
keywords={cameras;image classification;image colour analysis;image texture;learning (artificial intelligence);mobile robots;neural nets;object detection;object recognition;robot vision;visual databases;RGBD object recognition;visual texture classification;indoor semantic mapping environment;mobile robot;semantic map;French exploration-mapping contest;CAROTTE;object detection approach;color-depth camera;3D information;color information;texture information;neural network;material recognition approach;machine learning;image databases;Robots;Three dimensional displays;Object recognition;Image color analysis;Cameras;Sensors;Semantics},
doi={10.1109/TePRA.2012.6215666},
ISSN={2325-0526},
month={April},}
@article{Galceran2013ASO,
  title={A survey on coverage path planning for robotics},
  author={Enric Galceran and Marc Carreras},
  journal={Robotics and Autonomous Systems},
  year={2013},
  volume={61},
  pages={1258-1276}
}
@inproceedings{Choset1998,
  title={Coverage Path Planning: The Boustrophedon Cellular Decomposition},
  author={Howie Choset and Philippe Pignon},
  year={1998}
}
@article{fuad2014,
    title = {Wall-Following Using a Kinect Sensor for Corridor Coverage Navigation},
    author = {Muhammad Fuad, Djoko Purwanto},
    year = {2014}
}
@article{barcodes,
author = { Charles   D.   Emery },
title = {The Use of Portable Barcode Scanners in Collections Inventory},
journal = {Collection Management},
volume = {13},
number = {4},
pages = {1-17},
year  = {1991},
publisher = {Routledge},
doi = {10.1300/J105v13n04\_01},
URL = {https://doi.org/10.1300/J105v13n04_01},
eprint = {https://doi.org/10.1300/J105v13n04_01}
}