@inproceedings{wallgruen2009,
author = {Wallgr√ºn, Jan Oliver},
year = {2009},
month = {09},
pages = {141-158},
title = {Exploiting Qualitative Spatial Constraints for Multi-hypothesis Topological Map Learning},
doi = {10.1007/978-3-642-03832-7_9}
}
@Article{Dijkstra1959,
author="Dijkstra, E. W.",
title="A note on two problems in connexion with graphs",
journal="Numerische Mathematik",
year="1959",
month="Dec",
day="01",
volume="1",
number="1",
pages="269--271",
issn="0945-3245",
doi="10.1007/BF01386390",
url="https://doi.org/10.1007/BF01386390"
}
