@article{mccauley2007,
author = {McCauley, Lee},
year = {2007},
month = {07},
pages = {153-164},
title = {AI Armageddon and the Three Laws of Robotics},
volume = {9},
journal = {Ethics and Information Technology},
doi = {10.1007/s10676-007-9138-2}
}